@misc{androidannotations,
	author = 		"{Excilys group, contributors}",
	title =			"{AndroidAnnotations [online]}",
	year =			"{May 2015}",
	howpublished =	"{{\footnotesize URL}:~\url{http://androidannotations.org/}}"
}
% orig: 
% tiny: 

@misc{libstreaming,
	author = 		"{Simon Guigui, contributors}",
	title =			"{libstreaming [online]}",
	year =			"{May 2015}",
	howpublished =	"{{\footnotesize URL}: \url{https://github.com/fyhertz/libstreaming/}}"
}
% orig: 
% tiny: 

@misc{spydroid,
	author = 		"{Simon Guigui, contributors}",
	title =			"{spydroid-ipcamera [online]}",
	year =			"{May 2015}",
	howpublished =	"{{\footnotesize URL}: \url{https://github.com/fyhertz/spydroid-ipcamera}}"
}
% orig: 
% tiny: 

@misc{springforandroid,
	author = 		"{Pivotal Software}",
	title =			"{Spring for Android [online]}",
	year =			"{May 2015}",
	howpublished =	"{{\footnotesize URL}: \url{http://projects.spring.io/spring-android/}}"
}
% orig: 
% tiny: 

@misc{androidarchitecture,
	title =			"{Android System Architecture [online]}",
	year =			"{May 2015}",
	howpublished =	"{{\footnotesize URL}: \url{http://commons.wikimedia.org/wiki/File:Android-System-Architecture.svg/}}"
}
% orig: 
% tiny: 

@misc{activity-lifecycle,
	title =			"{Activities, Android Developers :: Develop :: API Guides [online]}",
	year =			"{May 2015}",
	howpublished =	"{{\footnotesize URL}:~\url{http://tinyurl.com/janchvala-android-activity}}"
}
% orig: http://developer.android.com/guide/components/activities.html
% tiny: http://tinyurl.com/janchvala-android-activity

@misc{fragment-lifecycle,
	title =			"{Fragments, Android Developers :: Develop :: API Guides [online]]}",
	year =			"{May 2015}",
	howpublished =	"{{\footnotesize URL}:~\url{http://tinyurl.com/jch-android-fragment}}"
}
% orig: http://developer.android.com/guide/components/fragments.html
% tiny: http://tinyurl.com/jch-android-fragment

@misc{service-lifecycle,
	title =			"{Services, Android Developers :: Develop :: API Guides [online]}",
	year =			"{May 2015}",
	howpublished =	"{{\footnotesize URL}:~\url{http://tinyurl.com/jch-android-services}}"
}
% orig: http://developer.android.com/guide/components/services.html
% tiny: http://tinyurl.com/jch-android-services

@misc{surfaceview,
	title =			"{SurfaceView class reference [online]}",
	year =			"{May 2015}",
	howpublished =	"{{\footnotesize URL}:~\url{https://developer.android.com/reference/android/view/SurfaceView.html}}"
}
% orig: 
% tiny: 

@misc{textureview,
	title =			"{TextureView class reference [online]}",
	year =			"{May 2015}",
	howpublished =	"{{\footnotesize URL}:~\url{https://developer.android.com/reference/android/view/TextureView.html}}"
}
% orig: 
% tiny: 

@misc{api-guide,
	title =			"{API Guides, Android Developers :: Develop [online]}",
	year =			"{May 2015}",
	howpublished =	"{{\footnotesize URL}:~\url{http://tinyurl.com/jch-android-guide}}"
}
% orig: http://developer.android.com/guide/index.html
% tiny: http://tinyurl.com/jch-android-guide

@misc{android-dashboards,
	title =			"{Dashboards, Android Developers :: About [online]}",
	year =			"{May 2015}",
	howpublished =	"{{\footnotesize URL}:~\url{http://tinyurl.com/jch-android-dash}}"
}
% orig: http://developer.android.com/about/dashboards/index.html
% tiny: http://tinyurl.com/jch-android-dash

@misc{android-gcm,
	title =			"{Google Cloud Messaging, Android Developers :: Develop :: Google Services [online]}",
	year =			"{May 2015}",
	howpublished =	"{{\footnotesize URL}:~\url{http://tinyurl.com/janchvala-android-gcm}}"
}
% orig: https://developer.android.com/google/gcm/
% tiny: http://tinyurl.com/janchvala-android-gcm

@misc{ortc,
	title =			"{Bringing Interoperable Real-Time Communications to the Web [online]}",
	year =			"{May 2015}",
	howpublished =	"{{\footnotesize URL}:~\url{http://tinyurl.com/janchvala-ortc}}"
}
% orig: http://blogs.msdn.com/b/ie/archive/2014/10/27/bringing-interoperable-real-time-communications-to-the-web.aspx
% tiny: http://tinyurl.com/janchvala-ortc

@misc{webrtc-ip-leak,
	title =			"{Huge security flaw leaks VPN users's real IP--addresses [online]}",
	year =			"{May 2015}",
	howpublished =	"{{\footnotesize URL}:~\url{http://tinyurl.com/janchvala-webrt-ip-leak}}"
}
% orig: https://torrentfreak.com/huge-security-flaw-leaks-vpn-users-real-ip-addresses-150130/
% tiny: http://tinyurl.com/janchvala-webrt-ip-leak


@ELECTRONIC{webrtc-samples,
  author = {Chuck Hays and contributors},
  title = {WebRTC samples},
  language = {EN},
  howpublished = {code repository (english)},
  url = {\url{https://github.com/webrtc/samples}},
  note = {\url{https://github.com/webrtc/samples}},
  owner = {Chvala},
  timestamp = {2015.01.4}
}
% orig: 
% tiny: 

@ELECTRONIC{WebRTC-architecture,
  author = {Google Inc.},
  month = {March},
  year = {2013},
  title = {{WebRTC} Architecture},
  language = {EN},
  howpublished = {web page (english)},
  note = {\url{http://www.webrtc.org/architecture}},
  owner = {Chvala},
  timestamp = {2015.01.4}
}
% orig: 
% tiny: 


@misc{webrtc-media-draft,
	author = 		"{D. C. Burnett, A. Bergkvist, C. Jennings, A. Narayanan, Editors}",
	title =			"{Media Capture and Streams [online]}",
	year =			"{14 Apr. 2015}",
	howpublished =	"{{\footnotesize URL}:~\url{http://tinyurl.com/jch-webrtc-draft}}"
}
% orig: http://www.w3.org/TR/2015/WD-mediacapture-streams-20150414/
% tiny: http://tinyurl.com/jch-webrtc-draft



@BOOK{TheWebRTCBook,
  title = {WebRTC: APIs and RTCWEB Protocols of the HTML5 Real-Time Web, Third Edition},
  publisher = {Digital Codex LLC},
  month = {March},
  year = {2014},
  author = {Alan B. Johnston},
  note = {ISBN: 9780985978877},
  owner = {Chvala},
  timestamp = {2015.03.31}
}




    @book{Pravidla,
      author =       "{Kolektiv autorů}",
      title =        "Pravidla českého pravopisu",
      publisher =    "Academia",
      year =         "2005",
      note =         "ISBN~80-200-1327-X",
    }


   @misc{cstugWeb,
      author =       "{WWW stránky}",  
      title =        "Československé sdružení uživatelů {\TeX}u",
      howpublished=  "{\tt http://www.cstug.cz}",
   }

   @misc{fitWeb,
      author =       "Z. Rábová and P. Hanáček and P. Peringer and P. Přikryl and B. Křena",  
      title =        "Užitečné rady pro psaní odborného textu [online]",
      publisher =    "FIT VUT v Brně",
      year =         "2008-11-01 [cit. 2008-11-28]",
      howpublished=  "{\tt http://www.fit.vutbr.cz/info/statnice/psani\_textu.html}",
   }
